%مراجع خود را در این قسمت وارد کنید.
% دستوری برای کوچک کردن اندازه فونت‌ها 
%یک مثال را در زیر می‌بینید.

@misc{Raspberry,
  title = {Raspberry Pi official website},
  howpublished = {\url{https://www.raspberrypi.org/}}
}

@misc{Django,
  title = {Django official website},
  howpublished = {\url{https://www.djangoproject.com/}}
}

@misc{DjangoREST,
  title = {Django REST Framework official website},
  howpublished = {\url{https://www.django-rest-framework.org/}}
}

@misc{Vue,
  title = {Vue.js official website},
  howpublished = {\url{https://vuejs.org/}}
}

@misc{Nuxt,
  title = {Nuxt.js official website},
  howpublished = {\url{https://nuxtjs.org/}}
}

@misc{Postgress,
  title = {Postgress official website},
  howpublished = {\url{https://www.postgresql.org/}}
}

@article{Amazon,
	title={Team Delft’s Robot Winner of the Amazon Picking Challenge 2016},
	author={Carlos Hernandez, Mukunda Bharatheesha, Wilson Ko, Hans Gaiser, Jethro Tan, Kanter van Deurzen, Maarten de Vries, Bas Van Mil, Jeff van Egmond, Ruben Burger, Mihai Morariu, Jihong Ju, Xander Gerrmann, Ronald Ensing, Jan Van Frankenhuyzen, Martijn Wisse},
	journal={Springer},
	volume={21},
	year={2017},
	publisher={Springer}
}
